<?xml version="1.0" encoding="UTF-8"?>
<record xmlns="http://www.loc.gov/MARC21/slim" xmlns:xsi="http://www.w3.org/2001/XMLSchema-instance" xsi:schemaLocation="http://www.loc.gov/MARC21/slim http://www.loc.gov/standards/marcxml/schema/MARC21slim.xsd">
<leader>00000cam a22      a 4500</leader>
<controlfield tag="001">002740875</controlfield>
<controlfield tag="003">NNU</controlfield>
<controlfield tag="005">20150622165917.0</controlfield>
<controlfield tag="008">930308s1950    ua       b    001 0 ara</controlfield>
<datafield tag="010" ind1=" " ind2=" ">
<subfield code="a">   81960416</subfield>
</datafield>
<datafield tag="035" ind1=" " ind2=" ">
<subfield code="a">(OCoLC)21022241</subfield>
<subfield code="z">(OCoLC)20928129</subfield>
<subfield code="z">(OCoLC)39497638</subfield>
<subfield code="z">(OCoLC)41163029</subfield>
</datafield>
<datafield tag="040" ind1=" " ind2=" ">
<subfield code="a">DLC-R</subfield>
<subfield code="b">eng</subfield>
<subfield code="c">DLC</subfield>
<subfield code="d">OCLCO</subfield>
<subfield code="d">IUL</subfield>
<subfield code="d">OCLCF</subfield>
<subfield code="d">OCLCQ</subfield>
</datafield>
<datafield tag="042" ind1=" " ind2=" ">
<subfield code="a">lcode</subfield>
</datafield>
<datafield tag="050" ind1="0" ind2="0">
<subfield code="a">BP166</subfield>
<subfield code="b">.I579 1950</subfield>
</datafield>
<datafield tag="100" ind1="1" ind2=" ">
<subfield code="6">880-01</subfield>
<subfield code="a">Imām al-Ḥaramayn al-Juwaynī, ʻAbd al-Malik ibn ʻAbd Allāh,</subfield>
<subfield code="d">1028-1085.</subfield>
</datafield>
<datafield tag="240" ind1="1" ind2="0">
<subfield code="6">880-02</subfield>
<subfield code="a">Irshād ilá qawāṭiʻ al-adillah fī uṣūl al-iʻtiqād</subfield>
</datafield>
<datafield tag="245" ind1="1" ind2="0">
<subfield code="6">880-03</subfield>
<subfield code="a">Kitab al-Irshād ilá qawāṭiʻ al-adillah fī uṣūl al-iʻtiqād /</subfield>
<subfield code="c">li-Imām al-Ḥaramayn al-Juwaynī ; ḥaqqaqahu wa-ʻallaqa ʻalayhi wa-qaddama la-hu wa-fahrasahu Muḥammad Yūsuf Mūsá, ʻAlī ʻAbd al-Munʻim ʻAbd al-Ḥamīd.</subfield>
</datafield>
<datafield tag="246" ind1="3" ind2="0">
<subfield code="6">880-04</subfield>
<subfield code="a">Irshād ilá qawāṭiʻ al-adillah fī uṣūl al-iʻtiqād</subfield>
</datafield>
<datafield tag="246" ind1="1" ind2="5">
<subfield code="6">880-05</subfield>
<subfield code="a">Kitab al-Irshad</subfield>
</datafield>
<datafield tag="260" ind1=" " ind2=" ">
<subfield code="6">880-06</subfield>
<subfield code="a">Miṣr :</subfield>
<subfield code="b">Maktabat al-Khānjī,</subfield>
<subfield code="c">1950.</subfield>
</datafield>
<datafield tag="300" ind1=" " ind2=" ">
<subfield code="a">23, 458 pages ;</subfield>
<subfield code="c">24 cm</subfield>
</datafield>
<datafield tag="336" ind1=" " ind2=" ">
<subfield code="a">text</subfield>
<subfield code="b">txt</subfield>
<subfield code="2">rdacontent</subfield>
</datafield>
<datafield tag="337" ind1=" " ind2=" ">
<subfield code="a">unmediated</subfield>
<subfield code="b">n</subfield>
<subfield code="2">rdamedia</subfield>
</datafield>
<datafield tag="338" ind1=" " ind2=" ">
<subfield code="a">volume</subfield>
<subfield code="b">nc</subfield>
<subfield code="2">rdacarrier</subfield>
</datafield>
<datafield tag="500" ind1=" " ind2=" ">
<subfield code="a">At head of title: Jamāʻat al-Azhar lil-Nashr wa-al-Taʼlīf.</subfield>
</datafield>
<datafield tag="504" ind1=" " ind2=" ">
<subfield code="a">Includes bibliographical references and index.</subfield>
</datafield>
<datafield tag="650" ind1=" " ind2="0">
<subfield code="a">Islam</subfield>
<subfield code="x">Doctrines</subfield>
<subfield code="v">Early works to 1800.</subfield>
</datafield>
<datafield tag="650" ind1=" " ind2="7">
<subfield code="a">Islam</subfield>
<subfield code="x">Doctrines.</subfield>
<subfield code="2">fast</subfield>
<subfield code="0">(OCoLC)fst00979787</subfield>
</datafield>
<datafield tag="655" ind1=" " ind2="7">
<subfield code="a">Early works.</subfield>
<subfield code="2">fast</subfield>
<subfield code="0">(OCoLC)fst01411636</subfield>
</datafield>
<datafield tag="700" ind1="1" ind2=" ">
<subfield code="6">880-07</subfield>
<subfield code="a">Mūsá, Muḥammad Yūsuf.</subfield>
</datafield>
<datafield tag="700" ind1="1" ind2=" ">
<subfield code="6">880-08</subfield>
<subfield code="a">Kabīr, ʻAlī ʻAbd al-Munʻim ʻAbd al-Ḥamīd.</subfield>
</datafield>
<datafield tag="776" ind1="0" ind2="8">
<subfield code="i">Online version:</subfield>
<subfield code="a">Imām al-Ḥaramayn al-Juwaynī, ʻAbd al-Malik ibn ʻAbd Allāh, 1028-1085.</subfield>
<subfield code="s">Irshād ilá qawāṭiʻ al-adillah fī uṣūl al-iʻtiqād.</subfield>
<subfield code="t">Kitab al-Irshād ilá qawāṭiʻ al-adillah fī uṣūl al-iʻtiqād.</subfield>
<subfield code="d">Miṣr : Maktabat al-Khānjī, 1950</subfield>
<subfield code="w">(OCoLC)568718368</subfield>
</datafield>
<datafield tag="880" ind1="1" ind2=" ">
<subfield code="6">100-01/</subfield>
<subfield code="a">امام الحرمين الجويني، عبد الملك بن عبد الله،,</subfield>
<subfield code="d">1028-1085.</subfield>
</datafield>
<datafield tag="880" ind1="1" ind2="0">
<subfield code="6">240-02/</subfield>
<subfield code="a">أرشاد إلى قواطع الأدلة فى أصول الاعتقاد</subfield>
</datafield>
<datafield tag="880" ind1="1" ind2="0">
<subfield code="6">245-03/</subfield>
<subfield code="a">كتاب الأرشاد إلى قواطع الأدلة فى أصول الاعتقاد /</subfield>
<subfield code="c">لإمام الحرمين الجوينى ؛ حققه وعلق عليه وقدم له وفهرسه محمد يوسف موسى، على عبدالمنعم عبدالحميد.</subfield>
</datafield>
<datafield tag="880" ind1="3" ind2="0">
<subfield code="6">246-04/</subfield>
<subfield code="a">أرشاد إلى قواطع الأدلة فى أصول الاعتقاد</subfield>
</datafield>
<datafield tag="880" ind1="1" ind2="5">
<subfield code="6">246-05/</subfield>
<subfield code="a">كتاب الأرشاد</subfield>
</datafield>
<datafield tag="880" ind1=" " ind2=" ">
<subfield code="6">260-06/</subfield>
<subfield code="a">مصر :</subfield>
<subfield code="b">مكتبة الخانجى،</subfield>
<subfield code="c">1950.</subfield>
</datafield>
<datafield tag="880" ind1="1" ind2=" ">
<subfield code="6">700-07/</subfield>
<subfield code="a">موسى، محمد يوسف.</subfield>
</datafield>
<datafield tag="880" ind1="1" ind2=" ">
<subfield code="6">700-08/</subfield>
<subfield code="a">كبير، علي عبد المنعم عبد الحميد.</subfield>
</datafield>
<datafield tag="OWN" ind1=" " ind2=" ">
<subfield code="a">GENERAL</subfield>
</datafield>
<datafield tag="AVA" ind1=" " ind2=" ">
<subfield code="a">NYU50</subfield>
<subfield code="b">BOBST</subfield>
<subfield code="c">Main Collection</subfield>
<subfield code="d">BP166 .I57 1950</subfield>
<subfield code="e">unavailable</subfield>
<subfield code="t">Unavailable</subfield>
<subfield code="f">1</subfield>
<subfield code="g">1</subfield>
<subfield code="h">N</subfield>
<subfield code="i">4</subfield>
<subfield code="j">MAIN</subfield>
<subfield code="k">0</subfield>
</datafield>
</record>
